<?xml version="1.0" encoding="UTF-8"?><collection xmlns="http://www.loc.gov/MARC21/slim"><record><leader>00417nam--2200169-u-4500</leader><controlfield tag="001">000051102</controlfield><controlfield tag="002">20161230</controlfield><controlfield tag="005">20161230201049</controlfield><controlfield tag="008">080519s1000------------r-----000-0-eng-d</controlfield><datafield ind1=" " ind2=" " tag="040"><subfield code="a">IFIN-HH</subfield></datafield><datafield ind1=" " ind2=" " tag="080"><subfield code="a">512</subfield></datafield><datafield ind1="1" ind2=" " tag="100"><subfield code="a">Bakhturin,Yu.A</subfield></datafield><datafield ind1="1" ind2="0" tag="245"><subfield code="a">Osnovnye Struktury Sovremennoi Algebry</subfield></datafield><datafield ind1=" " ind2=" " tag="260"><subfield code="a">Moskva</subfield><subfield code="b">Nauka</subfield><subfield code="c">1990</subfield></datafield><datafield ind1=" " ind2=" " tag="490"><subfield code="a">Sovremennaya Algebra</subfield></datafield><datafield ind1=" " ind2=" " tag="852"><subfield code="a">79356</subfield><subfield code="c">512</subfield></datafield><datafield ind1=" " ind2=" " tag="CAT"><subfield code="a">Sys</subfield><subfield code="c">20080519</subfield><subfield code="h">133535</subfield></datafield></record></collection>